%% LaTeX2e file `reference.bib'
%% generated by the `filecontents' environment
%% from source `Report_WuDwinantoChen_SVM_20190109' on 2019/01/02.
%%
 @article{Bhat2017EvaluatingSA,
  title={Evaluating {SVM} Algorithms for Bioinformatics Gene Expression Analysis},
  author={Heena Farooq Bhat},
  year={2017},
  volume = {6},
  pages = {42--52},
  number = {2},
  journal={International Journal of Computer Science Engineering}}

@article {Golub531,
	author = {Golub, T. R. and Slonim, D. K. and Tamayo, P. and Huard, C. and Gaasenbeek, M. and Mesirov, J. P. and Coller, H. and Loh, M. L. and Downing, J. R. and Caligiuri, M. A. and Bloomfield, C. D. and Lander, E. S.},
	title = {Molecular Classification of Cancer: Class Discovery and Class Prediction by Gene Expression Monitoring},
	volume = {286},
	number = {5439},
	pages = {531--537},
	year = {1999},
	doi = {10.1126/science.286.5439.531},
	publisher = {American Association for the Advancement of Science},
	journal = {Science}
}
